@article{1,
	author = "Chaitanya Krishna Suryadevara",
	title = "Towards personalized healthcare - an intelligent medication recommendatoion system",
	year = 2020
}
@article{2,
	author = "Igor Kulev and Elena Vlahu-Gjorgievska and Vladimir Trajkovik and Saso Koceski",
	title = "Towards personalized healthcare - an intelligent medication recommendatoion system",
	year = 2013
}
@article{3,
	author = "Thi Ngoc Trang Tran and Alexander Felfernig and Christoph Trattner and Andreas Holzinger",
	title = "Recommender systems in the healthcare domain: state-of-the-are and research issues",
	year = 2020
}
@article{4,
	author = "Mostafa Haghi Kashani and Mohammad Akbari and Parvaneh Asghari",
	title = "A Systematic review of healthcare recommender systems: Open issues, challenges, and techniques",
	year = 2020
}
@book{5,
	author = "Francesco Ricci and Lior Rokach and Bracha Shapira and Paul B. Kantor",
	title = "Recommender Systems Handbook",
	year = 2011
}
@article{6,
	author = "Jianmao Xiao and Xinyi Liu and Jia Zeng and Yuanlog Cao and Zhiyong Feng",
	title = "Recommendation of Healthcare Services Based on an Embedded User Profile Model",
	year = 2022
}
@article{7,
	author = "Muhib Anwar Lambay and S. Pakkir Mohideen",
	title = "Big Data Analytics for Healthcare Recommendation Systems",
	year = 2020
}
@article{8,
	author = "Xiaoyi Deng and Feifei Huangfu",
	title = "Collaborative Variational Deep Learning for Healthcare Recommendation",
	year = 2019
}
@article{9,
	author = "Shunmei Meng and Shaoyu Fan and Qianmu Li and Xinna Wang; Jing Zhang and Xiaolong Xu",
	title = "Privacy-Aware Factorization-Based Hybrid Recommendation Method for Healthcare Services",
	year = 2022
}
@article{10,
	author = "N. Komal Kumar and D. Vigneswari",
	title = "A Drug Recommendation System for Multi-disease in Health Care Using Machine Learning",
	year = 2019
}
@article{11,
	author = "Shreya B. Ahire and Harmeet Kaur Khanuja",
	title = "A Personalized Framework for Health Care Recommendation",
	year = 2017
}
